<record><leader>00000cas a22000007a 4500</leader><controlfield tag="001">14049608</controlfield><controlfield tag="008">860805d1881192utxuwr ne      0    0eng d</controlfield><datafield ind1=" " ind2=" " tag="010"><subfield code="a">sn 86088425 </subfield></datafield><datafield ind1=" " ind2=" " tag="040"><subfield code="a">PPM</subfield><subfield code="b">eng</subfield><subfield code="c">PPM</subfield><subfield code="d">OCLCQ</subfield></datafield><datafield ind1=" " ind2=" " tag="042"><subfield code="a">msc</subfield></datafield><datafield ind1="0" ind2="4" tag="245"><subfield code="a">The Cisco round-up.</subfield></datafield><datafield ind1=" " ind2=" " tag="260"><subfield code="a">Cisco, Tex. :</subfield><subfield code="b">Cisco Pub. Co.</subfield></datafield><datafield ind1=" " ind2=" " tag="300"><subfield code="a">v. :</subfield><subfield code="b">ill.</subfield></datafield><datafield ind1=" " ind2=" " tag="310"><subfield code="a">Weekly</subfield></datafield><datafield ind1="1" ind2=" " tag="362"><subfield code="a">Began in 1881?</subfield></datafield><datafield ind1=" " ind2=" " tag="500"><subfield code="a">Later published by Round Up Printing Co.</subfield></datafield><datafield ind1=" " ind2=" " tag="588"><subfield code="a">Description based on: Vol. 7, no. 52 (June 8, 1888).</subfield></datafield><datafield ind1=" " ind2=" " tag="752"><subfield code="a">United States</subfield><subfield code="b">Texas</subfield><subfield code="c">Eastland</subfield><subfield code="d">Cisco.</subfield></datafield><datafield ind1="0" ind2="7" tag="785"><subfield code="t">Cisco American</subfield><subfield code="w">(DLC)sn 86088427</subfield></datafield><datafield ind1="0" ind2="7" tag="785"><subfield code="t">Cisco American and roundup</subfield><subfield code="w">(DLC)sn 86088426</subfield></datafield><datafield ind1="0" ind2="7" tag="785"><subfield code="t">Cisco daily news</subfield><subfield code="w">(DLC)sn 86088450</subfield></datafield><datafield ind1="0" ind2="7" tag="785"><subfield code="t">Cisco daily news and roundup</subfield><subfield code="w">(DLC)sn 86088423</subfield></datafield></record>